@misc{mouse,
	title="Logitech M190 Wireless Mouse [Электронный ресурс]",
	howpublished="Режим доступа: \url{https://www.logitech.com/en-us/products/mice/m190-wireless-mouse.910-005901.html}  (дата обращения: 10.12.2023)"
}

@misc{ubuntu,
	title="Ubuntu 20.04.3 LTS (Focal Fossa) [Электронный ресурс]",
	howpublished="Режим доступа: \url{https://releases.ubuntu.com/20.04/}  (дата обращения: 10.12.2023)"
}

@misc{ryaz,
	title="Рязанова Н.Ю., Сикорский О.С. Метод изменения поведения HID-устройств под управлением ОС Linux // Новые информационные технологии в автоматизированных системах. 2018. №21. --- C. 354--362"}

@misc{usb_drivers,
	title="Writing USB Device Drivers. [Электронный ресурс]",
	howpublished="Режим доступа: \url{https://kernel.readthedocs.io/en/sphinx-samples/writing_usb_driver.html}  (дата обращения: 10.12.2023)"
}

@misc{usb_driver,
	title="struct usb\_driver. [Электронный ресурс]",
	howpublished="Режим доступа: \url{https://elixir.bootlin.com/linux/latest/source/include/linux/usb.h#L1188l}  (дата обращения: 10.12.2023)"
}

@misc{input_dev,
	title="struct input\_dev. [Электронный ресурс]",
	howpublished="Режим доступа: \url{https://elixir.bootlin.com/linux/v5.10.1/source/include/linux/input.h#L131}  (дата обращения: 10.12.2023)"
}

@misc{EV_KEY,
	title="EV\_KEY. [Электронный ресурс]",
	howpublished="Режим доступа: \url{https://elixir.bootlin.com/linux/latest/source/include/uapi/linux/input-event-codes.h#L39}  (дата обращения: 10.12.2023)"
}

@misc{input_report_key,
	title="input\_report\_key. [Электронный ресурс]",
	howpublished="Режим доступа: \url{https://elixir.bootlin.com/linux/latest/source/include/linux/input.h#L415}  (дата обращения: 10.12.2023)"
}

@misc{ldd,
	title="Jonathan Corbet Alessandro Rubini Greg Kroah-Hartman. Linux Device Drivers. –– 3 edition. -- O’Reilly Media, 2005."
}

@misc{urb,
	title="urb. [Электронный ресурс]",
	howpublished="Режим доступа: \url{https://docs.kernel.org/driver-api/usb/URB.html}  (дата обращения: 10.12.2023)"
}

@misc{int,
	title="usb\_fill\_int\_urb. [Электронный ресурс]",
	howpublished="Режим доступа: \url{https://manpages.debian.org/jessie-backports/linux-manual-4.8/usb_fill_int_urb.9.en.html}  (дата обращения: 10.12.2023)"
}

@misc{submit,
	title="submit. [Электронный ресурс]",
	howpublished="Режим доступа: \url{https://elixir.bootlin.com/linux/latest/source/include/linux/usb.h#L1723}  (дата обращения: 10.12.2023)"
}

@misc{cirk,
	title="Цилюрик О.И. Модули ядра Linux. -- 4 издание. -- 2011."
}

