@misc{efcore,
	title="Entity Framework Core [Электронный ресурс]",
	howpublished="Режим доступа: 
	\url{https://learn.microsoft.com/ru-ru/ef/core/} 
	(дата обращения: 10.08.2023)"
}

@misc{blazor,
	title="ASP.NET Core Blazor [Электронный ресурс]",
	howpublished="Режим доступа: 
	\url{https://learn.microsoft.com/ru-ru/aspnet/core/blazor/?view=aspnetcore-7.0} 
	(дата обращения: 10.08.2023)"
}

