@misc{threads, 
	title="Работа с потоками в C\# [Электронный ресурс]", 
	howpublished="Режим доступа: \url{https://www.rsdn.org/article/dotnet/CSThreading1.xml}(дата обращения 16.11.2022)"
}

@misc{Mudrov,
	title="Мудров В.И. Задача о коммивояжёре. — М.: Наука, 1969. — 62 с."}

@misc{Dorigo,
	title="Дориго М. Муравьиная система. — М.: Наука, 1996. — 29 с."}
@misc{trud,
	title="М. В. Ульянов. Ресурсно-эффективные компьютерные алгоритмы. Разработка и анализ. --- Наука ФИЗМАЛИТ, 2007. --- 376 с."}

@misc{ant_elite,
	title="МУРАВЬИНЫЙ АЛГОРИТМ ДЛЯ РЕШЕНИЯ ОПТИМИЗАЦИОННЫХ 
	ЗАДАЧ С ЯВНО ВЫРАЖЕННОЙ ЦЕЛЕВОЙ ФУНКЦИЕЙ"}
@misc{concqueue,
	title="ConcurrentQueue<T> Класс [Электронный ресурс]",
	howpublished="Режим доступа: \url{https://learn.microsoft.com/ru-ru/dotnet/api/system.collections.concurrent.concurrentqueue-1?redirectedfrom=MSDN&view=netframework-4.7.2} (дата обращения: 29.11.2022)"
}

@misc{cpplangtime,
	title="Process.TotalProcessorTime Свойство [Электронный ресурс]",
	howpublished="Режим доступа: \url{https://learn.microsoft.com/ru-ru/dotnet/api/system.diagnostics.process.totalprocessortime?view=net-6.0} (дата обращения: 02.12.2022)"
}

@misc{referencetypes,
	title="Ссылочные типы [Электронный ресурс]",
	howpublished="Режим доступа: \url{https://learn.microsoft.com/ru-ru/dotnet/csharp/language-reference/keywords/reference-types} (дата обращения: 25.09.2022)"
}

@misc{processor,
	title="AMD Ryzen™ 5 4600H [Электронный ресурс]",
	howpublished="Режим доступа: \url{https://www.amd.com/ru/products/apu/amd-ryzen-5-4600h} (дата обращения: 25.09.2022)"
}

@misc{sharplang,
	title="Краткий обзор языка C\# [Электронный ресурс]",
	howpublished="Режим доступа: \url{https://learn.microsoft.com/ru-ru/dotnet/csharp/tour-of-csharp/} (дата обращения: 25.09.2022)"
}

@misc{combsort,
	title="Time and Space Complexity of Comb Sort [Электронный ресурс]",
	howpublished="Режим доступа: \url{https://iq.opengenus.org/time-and-space-complexity-of-comb-sort/} (дата обращения: 06.10.2021)"
}








