@inbook{
	Dameray_Levenshtein,
	author="Черненький В. М., Гапанюк Ю. Е.",
	title="Методика идентификации пассажира по установочным данным / Вестник МГТУ им. Н.Э. Баумана. Сер. “Приборостроение”",
	publisher="М.: Издательство МГТУ им. Н.Э. Баумана",
	volume=163,
	chapter=4,
	pages="30-34",
	language="russian",
	year=2012
}

@inbook{
	Levenshtein,
	author="Левенштейн, В. И.",
	title="Двоичные коды с исправлением выпадений, вставок и замещений символов / Доклады АН СССР, т. 163 -- М",
	chapter=4,
	pages="845--848",
	publisher=": Наука",
	language="russian",
	year=1965
}

@misc{cpplangtime,
	title="ISO/IEC 9899:1999 [Электронный ресурс]",
	howpublished="Режим доступа: \url{https://www.open-std.org/jtc1/sc22/wg14/www/docs/n1256.pdf} Глава 7.23.2.1 The clock function (дата обращения: 25.09.2022)"
}

@misc{referencetypes,
	title="Ссылочные типы",
	howpublished="Режим доступа: \url{https://learn.microsoft.com/ru-ru/dotnet/csharp/language-reference/keywords/reference-types} (дата обращения: 25.09.2022)"
}

@misc{processor,
	title="AMD Ryzen™ 5 4600H [Электронный ресурс]",
	howpublished="Режим доступа: \url{https://www.amd.com/ru/products/apu/amd-ryzen-5-4600h} (дата обращения: 25.09.2022)"
}

@misc{sharplang,
	title="Краткий обзор языка C\# [Электронный ресурс]",
	howpublished="Режим доступа: \url{https://learn.microsoft.com/ru-ru/dotnet/csharp/tour-of-csharp/} (дата обращения: 25.09.2022)"
}



