@misc{smokeparticle,
	title="Visualization of smoke using particle system [Электронный ресурс]",
	howpublished="Режим доступа: \url{https://www.diva-portal.org/smash/get/diva2:676008/FULLTEXT01.pdf} (дата обращения: 15.07.2022)"
}
@misc{raytrace,
	title="Обратная трассировка лучей",
	howpublished="Режим доступа: \url{http://www.ray-tracing.ru/articles206.html} (дата обращения: 15.07.2022)"}

@misc{cfd,
	title="Visual Simulation of Smoke [Электронный ресурс]",
	howpublished="Режим доступа: \url{https://web.stanford.edu/class/cs237d/smoke.pdf} (дата обращения: 15.07.2022)"
}

@misc{sharplang,
	title="Краткий обзор языка C\# [Электронный ресурс]",
	howpublished="Режим доступа: \url{https://learn.microsoft.com/ru-ru/dotnet/csharp/tour-of-csharp/} (дата обращения: 15.07.2022)"
}

@misc{csharplangtime,
	title="Stopwatch Класс [Электронный ресурс]",
	howpublished="Режим доступа: \url{https://learn.microsoft.com/ru-ru/dotnet/api/system.diagnostics.stopwatch?redirectedfrom=MSDN&view=netcore-3.1} (дата обращения: 15.07.2022)"
}

@misc{processor,
	title="AMD Ryzen™ 5 4600H [Электронный ресурс]",
	howpublished="Режим доступа: \url{https://www.amd.com/ru/products/apu/amd-ryzen-5-4600h} (дата обращения: 15.07.2022)"
}





