@online{cplusplus,
	title = {Документация языка C++ [Электронный ресурс]},
	url = {https://www.open-std.org/jtc1/sc22/wg21/docs/papers/2013/n3690.pdf},
	urldate = {13.11.2022},
	language = "russian"
}

@manual{c_lang,
	title = {C language standard ISO/IEC 9899:1999 C99 [Электронный ресурс]},
	url = {https://www.open-std.org/jtc1/sc22/wg14/www/docs/n1256.pdf},
	urldate = {01.10.2022},
	language = "russian"
}
