@misc{threads, title="Работа с потоками в C# [Электронный ресурс]", howpublished="Режим доступа: \url{https://www.rsdn.org/article/dotnet/CSThreading1.xml}(дата обращения 16.11.2022)"
}

@misc{cpplangtime,
	title="Stopwatch Класс [Электронный ресурс]",
	howpublished="Режим доступа: \url{https://learn.microsoft.com/ru-ru/dotnet/api/system.diagnostics.stopwatch?view=net-6.0} (дата обращения: 16.11.2022)"
}

@misc{referencetypes,
	title="Ссылочные типы",
	howpublished="Режим доступа: \url{https://learn.microsoft.com/ru-ru/dotnet/csharp/language-reference/keywords/reference-types} (дата обращения: 25.09.2022)"
}

@misc{processor,
	title="AMD Ryzen™ 5 4600H [Электронный ресурс]",
	howpublished="Режим доступа: \url{https://www.amd.com/ru/products/apu/amd-ryzen-5-4600h} (дата обращения: 25.09.2022)"
}

@misc{sharplang,
	title="Краткий обзор языка C\# [Электронный ресурс]",
	howpublished="Режим доступа: \url{https://learn.microsoft.com/ru-ru/dotnet/csharp/tour-of-csharp/} (дата обращения: 25.09.2022)"
}

@misc{combsort,
	title="Time and Space Complexity of Comb Sort [Электронный ресурс]",
	howpublished="Режим доступа: \url{https://iq.opengenus.org/time-and-space-complexity-of-comb-sort/} (дата обращения: 06.10.2021)"
}








