@misc{atb,
	title="WLAN Network Planning Guide [Электронный ресурс]. Режим доступа: \url{https://support.huawei.com/enterprise/ru/doc/EDOC1000113315/c3242b10/po} (дата обращения 27.10.2023)"
}

@misc{gen-hard,
	title="Еремеев А. В., Заозерскал Л. А., Колоколов А. А. ЗАДАЧА О ПОКРЫТИИ МНОЖЕСТВА:  СЛОЖНОСТЬ, АЛГОРИТМЫ, ЭКСПЕРИМЕНТАЛЬНЫЕ ИССЛЕДОВАНИЯ // ДИСКРЕТНЫЙ АНАЛИЗ И ИССЛЕДОВАНИЕ ОПЕРАЦИЙ Т. 7, № 2. --- 2000 г. --- С. 22--46"}
@misc{wave-len,
	title="Данилов В. И. Сети и стандарты мобильной связи : учебное пособие / СПбГУТ. --- СПб., 2015. --- 100 К."}

@misc{def-bs,
	title="Из чего состоит базовая станция операторов сотовой связи | Блог ДалСвязь [Электронный ресурс].",
	howpublished="Режим доступа: \url{https://dalsvyaz.ru/articles/iz-chego-sostoit-bazovaya-stanciya-operatorov-sotovoj-svyazi?ysclid=lqa32obfn4706994338} (дата обращения 27.10.2023)"}

@misc{req-cost,
	title="Ермолаев С.Ю., Карташевский В.Г., Штовба С.Д. МЕТОД ОПТИМАЛЬНОГО РАЗМЕЩЕНИЯ БАЗОВЫХ СТАНЦИЙ В СЕТЯХ IEEE 802.16-2004 // ЭЛЕКТРОСВЯЗЬ, № 12 --- 2010 г. --- С. 54 -- 58"}

@misc{development,
	title="Нечаева М.Л. Совершенствование управления базовыми станциями операторов мобильной связи в условиях рынка // Научно-технические ведомости СПбГПУ. Экономические науки. Т. 12, № 3. --- 2019 г. --- С. 142–152"}

@misc{sanpin,
	title="Санитарно-эпидемиологические правила и нормативы СанПиН 2.1.8/2.2.4.1383-03
	''Гигиенические требования к размещению и эксплуатации передающих радиотехнических объектов''. --- M.:Минздрав России, 2003"}

@misc{mvig_class,
	title="Ромм Я. Е., Назарьянц Е. Г. Полиномиальная сложность параллельной формы метода ветвей и границ решения задачи коммивояжера // Известия ЮФУ. Технические науки. №4 ---  2015 г. --- 165 с."}

@misc{mvig_app,
	title="Алексеев О. Г., Григорьев В. Ф. Некоторые алгоритмы решения задачи о покрытии и их экспериментальное исследование на ЭВМ // Ж. вычисл. матем. и матем. физ., СССР --- 1984 г. --- С. 1565 -- 1570"}

@misc{mvig,
	title="Сергеев А.Д. Оптимальное размещение базовых станций при проектировании беспроводных сетей пятого поколения. // Дневник науки, 2023, №5, [Электронный ресурс]. --- Режим доступа:\url{ https://dnevniknauki.ru/images/publications/2023/5/physics/Sergeev.pdf}"
}
@misc{method-compare,
	title="Коновалов И. С., Остапенко С. С., Кобак В. Г. Сравнение эффективности работы точных и приближенных алгоритмов для решения задачи о покрытии множества // Advanced Engineering Research, Ростов-на-Дону. --- 2017 г. №3 --- С. 137--144"
}

@misc{genetic,
	title="Коновалов И. С., Фатхи В. А., Кобак В. Г. Применение генетического алгоритма для решения задачи покрытия множеств // Advanced Engineering Research, Ростов-на-Дону. --- 2016 г. №3 --- С. 125--132"}

@misc{imt-2020,
	title="Focus Group on IMT-2020 [Электронный ресурс]. Режим доступа: \url{https://www.itu.int/en/ITU-T/focusgroups/imt-2020/Pages/default.aspx} (дата обращения 27.10.2023)"
}


@misc{ant,
	title="Dorigo M., Gambardella L.M. Ant Colony System: A cooperative learning approach to the traveling salesman problem// IEEE Transactions on Evolutionary Computation.--- 1997 г. №1 --- С. 53--66."
}

@misc{sui,
	title="Cabuk U. C., Tosun M., Jacobsen R. H., Dagdeviren O. Path Loss Estimation of Air-to-Air Channels for FANETs over Rugged Terrains // 2020 28th Signal Processing and Communications Applications Conference, SIU 2020 --- С. 1 -- 4"
}

@misc{sinr, 
	title="5G signal quality parameters [Электронный ресурс]. Режим доступа:\url{https://support.zyxel.eu/hc/en-us/articles/4406391493778-5G-signal-qualityparameters} (дата обращения: 29.10.2023)"
}

@misc{methods,
	title="В.Н. Костин, А.Н. Калинин методы оптимизации в примерах и задачах учебное пособие // Оренбург: ОГУ, 2008. --- 153 с."
}

@misc{model,
	title="Мухтаров А.А., Першин О.Ю. Задача размщения базовых станций широкополосной связи для обслуживания заданного множества рассредоточенных объектов // XIII Всероссийское совещаяние по проблемам управления, Москва --- 2019 г. --- C. 2992 -- 2994"
}

@misc{pl,
	title="И. Н. Яремко, К. А. Павловская Анализ модели распространении радиоволн SUI для решения задач построения сетей сотовой связи 5G // Сборник научных трудов ДонИЖТ --- 2020 г. №56. --- C. 26--30"
}

@misc{hata,
	title="Hata, M. Empirical Formula for Propagation Loss in Land Mobile Radio Services // IEEE Transactions on Vehicular Technology. --- 1980 г. № 3 --- С. 317--325."
}