@misc{web-server,
	title="Веб-сервер: что это и для чего нужен [Электронный ресурс]",
	howpublished="Режим доступа: 
	\url{https://gb.ru/blog/veb-server/?ysclid=lpz8olkf6v376427819} 
	(дата обращения: 25.11.2023)"
}


@misc{http,
	title="Обзор протокола HTTP [Электронный ресурс]",
	howpublished="Режим доступа: 
	\url{https://developer.mozilla.org/ru/docs/Web/HTTP/Overview} 
	(дата обращения: 25.11.2023)"
}

@misc{multiplex,
	title="Стивенс Р., Раго С. Unix. Профессиональное программированиее, 2-е издание. – СПб.: Символ-Плюс, 2007. – 1040 с."
}
@misc{nginx,
	title=" NGINX: Advanced Load Balancer, Web Server, Reverse Proxy [Электронный
	ресурс].",
	howpublished="Режим доступа: \url{https://www.nginx.com/} (дата обращения:
	25.11.2023)."
}


@misc{proc,
	title="AMD Ryzen™ 5 4600H [Электронный ресурс]",
	howpublished="Режим доступа: \url{https://www.amd.com/ru/products/apu/amd-ryzen-5-4600h} (дата обращения: 25.11.2023)"
}

@misc{datalinqmapping,
	title="System.Data.Linq.Mapping Пространство имен [Электронный ресурс]",
	howpublished="Режим доступа: \url{https://learn.microsoft.com/ru-ru/dotnet/api/system.data.linq.mapping?view=netframework-4.8} (дата обращения: 25.03.2023)"
}


@misc{subd,
	title="Что такое СУБД - RU-CENTER [Электронный ресурс]",
	howpublished="Режим доступа: 
	\url{https://www.nic.ru/help/chto-takoe-subd_8580.html} 
	(дата обращения: 25.03.2023)"
}


@misc{inmemory,
	title="Системы и технологии баз данных в памяти | Microsoft [Электронный ресурс]",
	howpublished="Режим доступа: \url{https://docs.microsoft.com/ru-ru/sql/relational-databases/in-memory-database?view=sql-server-ver15} (дата обращения: 25.03.2023)"
}

@misc{why,
	title="In-Memory. База данных в оперативной памяти |ECM-Journal [Электронный ресурс]",
	howpublished="Режим доступа: \url{https://ecm-journal.ru/material/In-Memory-Baza-dannykh-v-operativnojj-pamjati} (дата обращения: 27.03.2023)"
}


@misc{adv,
	title="In-Memory Database [Электронный ресурс]",
	howpublished="Режим доступа: \url{https://ru.bmstu.wiki/IMDB_(In-memory_Database)} (дата обращения: 27.03.2023)"
}

@misc{lookslike,
	title="4 крупных примера внедрения Tarantool | Big Data School [Электронный ресурс]",
	howpublished="Режим доступа: \url{https://www.bigdataschool.ru/blog/tarantool-use-cases-and-advantages.html} (дата обращения: 27.03.2023)"
}

@misc{memcash,
	title="Memcached - a distributed memory object caching system [Электронный ресурс]",
	howpublished="Режим доступа: \url{https://memcached.org/} (дата обращения: 15.04.2023)"
}

@misc{memcash2,
	title="Memcached | Распределенное хранилище данных типа <<ключ-значение>> [Электронный ресурс]",
	howpublished="Режим доступа: \url{https://memcached.org/} (дата обращения: 15.04.2023)"
}

@misc{ab,
	title="ab - Apache HTTP server benchmarking tool [Электронный ресурс]",
	howpublished="Режим доступа: \url{https://httpd.apache.org/docs/trunk/programs/ab.html} (дата обращения: 25.11.2023)"
}

@misc{tarantool,
	title="Tarantool -- Платформа In-memory вычислений [Электронный ресурс]",
	howpublished="Режим доступа: \url{https://www.tarantool.io/ru/} (дата обращения: 01.04.2023)"
}

@misc{redis,
	title="Redis is an open source (BSD licensed), in-memory data structure store, used as a database, cache, and message broker [Электронный ресурс]",
	howpublished="Режим доступа: \url{https://redis.io/} (дата обращения: 01.04.2023)"
}

@misc{lua,
	title="The Programming Language Lua [Электронный ресурс]",
	howpublished="Режим доступа: \url{http://www.lua.org/} (дата обращения: 01.04.2023)"
}

@misc{redis2,
	title="Преимущества Redis [Электронный ресурс]",
	howpublished="Режим доступа: \url{https://aws.amazon.com/ru/redis/} (дата обращения: 01.04.2023)"
}

@misc{acid,
	title="ACID (Atomicity, Consistency, Isolation, Durability) [Электронный ресурс]",
	howpublished="Режим доступа: \url{https://ru.bmstu.wiki/ACID\_(Atomicity,\_Consistency,\_Isolation,\_Durability)} (дата обращения: 01.04.2023)"
}

@misc{sharp,
	title="Документация C\# [Электронный ресурс]",
	howpublished="Режим доступа: \url{https://docs.microsoft.com/ru-ru/dotnet/csharp/} (дата обращения: 03.04.2023)"
}

@misc{connector,
	title="Dotnet client for Tarantool NoSql database [Электронный ресурс]",
	howpublished="Режим доступа: \url{https://github.com/progaudi/progaudi.tarantool} (дата обращения: 03.04.2023)"
}

@misc{vs,
	title="Документация по семейству продуктов Visual Studio [Электронный ресурс]",
	howpublished="Режим доступа: \url{https://docs.microsoft.com/ru-ru/visualstudio/?view=vs-2022} (дата обращения: 03.04.2023)"
}


@misc{wf,
	title="Windows Forms [Электронный ресурс]",
	howpublished="Режим доступа: \url{https://docs.microsoft.com/ru-ru/dotnet/desktop/winforms/?view=netdesktop-5.0} (дата обращения: 03.04.2023)"
}

@misc{mstest,
	title="Модульное тестирование кода C\# с использованием MSTest и .NET [Электронный ресурс]",
	howpublished="Режим доступа: \url{https://learn.microsoft.com/ru-ru/dotnet/core/testing/unit-testing-with-mstest} (дата обращения: 03.04.2023)"
}

@misc{test,
	title="Documentation site for the xUnit.net unit testing framework [Электронный ресурс]",
	howpublished="Режим доступа: \url{https://xunit.net/} (дата обращения: 03.04.2023)"
}

@misc{stat,
	title="Интерес туристов из РФ к горнолыжному отдыху [Электронный ресурс]",
	howpublished="Режим доступа: \url{https://booking-ru.ru/2020/09/20/interes-turistov-iz-rf-k-gornolyzhnomu-otdyxu-vyros-na-tret/} (дата обращения: 01.04.2023)"
}

@misc{api,
	title="What is a REST API? - Red Hat [Электронный ресурс]",
	howpublished="Режим доступа: \url{https://www.redhat.com/en/topics/api/what-is-a-rest-api} (дата обращения: 01.04.2023)"
}