@misc{sort_algs, title="Основные виды сортировок и примеры их реализации", howpublished="Режим доступа: \url{https://academy.yandex.ru/journal/osnovnye-vidy-sortirovok-i-primery-ikh-realizatsii}(дата обращения 25.09.2022)"
}

@misc{cpplangtime,
	title="ISO/IEC 9899:1999 [Электронный ресурс]",
	howpublished="Режим доступа: \url{https://www.open-std.org/jtc1/sc22/wg14/www/docs/n1256.pdf} Глава 7.23.2.1 The clock function (дата обращения: 25.09.2022)"
}

@misc{referencetypes,
	title="Ссылочные типы",
	howpublished="Режим доступа: \url{https://learn.microsoft.com/ru-ru/dotnet/csharp/language-reference/keywords/reference-types} (дата обращения: 25.09.2022)"
}

@misc{processor,
	title="AMD Ryzen™ 5 4600H [Электронный ресурс]",
	howpublished="Режим доступа: \url{https://www.amd.com/ru/products/apu/amd-ryzen-5-4600h} (дата обращения: 25.09.2022)"
}

@misc{sharplang,
	title="Краткий обзор языка C\# [Электронный ресурс]",
	howpublished="Режим доступа: \url{https://learn.microsoft.com/ru-ru/dotnet/csharp/tour-of-csharp/} (дата обращения: 25.09.2022)"
}

@misc{combsort,
	title="Time and Space Complexity of Comb Sort [Электронный ресурс]",
	howpublished="Режим доступа: \url{https://iq.opengenus.org/time-and-space-complexity-of-comb-sort/} (дата обращения: 06.10.2021)"
}








