

@misc{ocisik,
	title="Сложный тепообмен / М. Н. Оцисик --- Университет штата Северная Каролина, 1973. --- 615 с."
}
@misc{mdo,
	title="Численные методы теории переноса излучения / А.В. Васильев, В.П. Огибалов, Ю.М. Тимофеев --- СПб., 2016. --- 256 с."
}

@misc{mod_gas,
	title="Четверушкин Б. Н. Математическое моделирование задач динамики излучающего газа. М.: Наука, 1985 – 304 с."
}
@misc{zelda,
	title="Зельдович Я. Б., Райзер Ю. П. Физика ударных волн и высокотемпературных гидродинамических явлений. М.: Физматлит, 2008."
}
@misc{found_gas,
	title="Михалас Д., Михалас Б. В. Основы радиационной гидродинамики. \\Нью–Йорк: Издательство Оксфордского университета, 1984 - 731 с."
}

@misc{rossel,
	title="Росселанд С. Теоритическая астрофизика. Лондон: Издательство Оксфордского университета, 1936"
}

@misc{zona, 
        title="Бухмиров В.В., Солнышкова Ю.С. Зональные методы расчёта радиационного и сложного теплообмена/ФГБОУВПО «Ивановский государственный энергетический университет имени В.И. Ленина». - Иваново, 2012 .--- 96 с."}

@misc{metall,
        title=" Арутюнов В.А. Математическое моделирование тепловой работы промышленных печей./ В.А. Арутюнов, В.В. Бухмиров, С.А. Крупенников. – М.: Металлургия, 1990."}