@misc{quality,
	title="Рыбин С. В. Синтез речи. Учебное пособие по дисциплине <<Синтез речи>>. --- СПб: Университет ИТМО, 2014. --- 92 с."
}
@misc{hybrid,
	title="Чистиков П.Г., Корольков Е.А., Таланов А.О., Соломенник А.И. Гибридная технология синтеза речи на основе скрытых марковских моделей и алгоритма Unit Selection // Приборостроение, 2013, №2. --- СПб: ФГБОУ ВПО «СПбНИУ ИТМО». --- С. 33 -- 38"
}
@misc{graph,
	title="Автоматическая обработка текстов на естественном языке и компьютерная
	лингвистика : учеб. пособие / Большакова Е.И., Клышинский Э.С., Ландэ Д.В.,
	Носков А.А., Пескова О.В., Ягунова Е.В. --- М.: МИЭМ, 2011. --- 272 с."
}
@misc{synthesis_book,
	title="Фланаган Дж. Анализ, синтез и восприятие речи. --- М.: Связь, 1968. --- 396 с."
}
@misc{param_signals,
	title="Поддубный М.И., Киреев, К.В., Русин Н.А., Заборских П.С., Елгин Ю.И. Основные 	параметры и разновидности речеподобных сигналов, применяемых для защиты речевой 	информации // Состояние и перспективы развития современной науки по направлению 	«Информационная безопасность». Сборник статей II Всероссийской научно-технической конференции. --- Анапа: ФГАУ 	«Военный инновационный технополис «ЭРА», 2020. --- С. 59 -- 65."
}

@misc{mod_algo,
	title="Чистиков П.Г., Рыбин С.В. Проблемы естественности речевого сигнала в системах синтеза // Журнал «Информационные технологии в образовании», 2011, №1. --- СПб: СПбГЭТУ «ЛЭТИ». --- С. 22 -- 30"
}
@misc{furie,
	title="Главатских И.А., Чистиков П.Г. Метод модификации физических параметров речевого сигнала на основе периодосинхронного Фурье-анализа // Труды XXXVII международной филологической конференции. --- СПб: СПбГУ, 2009. --- С. 47 -- 62"
}
@misc{sber,
	title="Разметка синтеза речи SSML. Тег audio [Электронный ресурс]. Режим доступа: \url{https://developers.sber.ru/docs/ru/va/how-to/conversation/ssml#teg-audio} (дата обращения 09.11.2022)"}
@misc{hmm,
	title="Чистиков П.Г. Технология снитеза русской речи на основе крытых марковскх моделей // Научно-технический вестник информационных технологий, механики и оптики, 2012, № 3. --- СПб: Университет ИТМО. --- С. 149 "
}
@book{taylor_2009, place={Cambridge}, title={Text-to-Speech Synthesis}, publisher={Cambridge University Press}, author={Taylor, Paul}, year={2009}, pages = {426--433}}
@article{td_comp,
	author = {Mattheyses, Wesley and Verhelst, Werner and Verhoeve, Piet},
	year = {2006},
	month = {01},
	pages = {43--46},
	title = {Robust pitch marking for prosodic modification of spech using TD-PSOLA}
}